% Encoding: UTF-8

@Book{Sutton2012,
  author    = {Richard S. Sutton and Andrew G. Barto},
  publisher = {The MIT Press},
  title     = {{R}einforcement {L}earning: {A}n {I}ntroduction},
  year      = {2012},
  url       = {http://citeseerx.ist.psu.edu/viewdoc/download?doi=10.1.1.866.5317&rep=rep1&type=pdf},
}

@Misc{Haffner2018,
  author = {Ernst Georg Haffner},
  title  = {{L}earning {S}ystems {V}orlesungsscript},
  year   = {2018}
}

@MastersThesis{Heck2018,
  author = {Sascha Heck},
  school = {Hochschule Trier},
  title  = {{Entwurf, Simulation und Aufbau einer 6-Achsen Parallelkinematik}},
  year   = {2018},
}

@InProceedings{Mohajerin2010,
  author    = {Nima Mohajerin and Mohammad B. Menhaj and Ali Doustmohammadi},
  booktitle = {International Conference on Fuzzy Systems},
  title     = {A Reinforcement Learning Fuzzy Controller for the Ball and Plate system},
  year      = {2010},
  month     = {jul},
  publisher = {{IEEE}},
  doi       = {10.1109/fuzzy.2010.5584025},
}

@Misc{Thompson2020,
  author       = {Jeffrey Thompson},
  howpublished = {\url{https://github.com/jeffThompson/CollisionDetection}},
  note         = {[Online; Zugriff 10.02.2021]},
  title        = {Collision Detection},
  year         = {2020},
  commit       = {a9d4cfd9a043ed90834078ec3eb8bcf83ae09b16},
  journal      = {GitHub repository},
  publisher    = {GitHub},
}

@Comment{jabref-meta: databaseType:bibtex;}
